<record xmlns="http://www.loc.gov/MARC21/slim" xmlns:xsi="http://www.w3.org/2001/XMLSchema-instance" xsi:schemaLocation="http://www.loc.gov/MARC21/slim http://www.loc.gov/standards/marcxml/schema/MARC21slim.xsd"><leader>     nam a22        4500</leader><controlfield tag="001">3071747</controlfield><controlfield tag="003">NNC</controlfield><controlfield tag="006">m        d        </controlfield><controlfield tag="007">cr cn |||m|||a</controlfield><controlfield tag="008">150601s1903    ua      o     000 0 ara d</controlfield><datafield ind1=" " ind2=" " tag="040"><subfield code="a">NNU</subfield><subfield code="b">eng</subfield><subfield code="c">NNU</subfield></datafield><datafield ind1="0" ind2=" " tag="100"><subfield code="6">880-01</subfield><subfield code="a">&#699;Abd al-Razza&#772;q al-Qa&#772;sha&#772;ni&#772;,</subfield><subfield code="d">-1330?</subfield></datafield><datafield ind1="1" ind2="0" tag="245"><subfield code="6">880-02</subfield><subfield code="a">Hadha&#772; kita&#772;b Sharh&#803; al-usta&#772;dh al-shaykh &#699;Abd-al-Razza&#772;q al-Qa&#772;sha&#772;ni&#772; &#699;ala&#769;&#769; Fus&#803;u&#772;s&#803; al-h&#803;ikam lil-usta&#772;dh al-akbar al-shaykh Muh&#803;yi&#772; al-Din Ibn al-&#699;Arabi&#772;</subfield><subfield code="h">[electronic resource] :</subfield><subfield code="b">Wa bi-&#700;asfal kull s&#803;ah&#803;i&#772;fah h&#803;all al-mawa&#772;d&#803;i&#699; al-khafi&#772;yah min Sharh&#803; Ba&#772;li&#772; Afandi&#772;.</subfield></datafield><datafield ind1=" " ind2=" " tag="260"><subfield code="6">880-03</subfield><subfield code="a">Mis&#803;r :</subfield><subfield code="b">al-Mat&#803;ba&#699;ah al-Maimani&#772;yah (Mus&#803;t&#803;afa&#772; al-Ba&#772;bi&#772; al-H&#803;alabi&#772; wa-akhawa&#772;hu Bakri&#772; wa &#699;I&#772;sa&#769;),</subfield><subfield code="c">[1321 h., 1903 m.]</subfield></datafield><datafield ind1=" " ind2=" " tag="300"><subfield code="a">online resource (284 p.)</subfield></datafield><datafield ind1=" " ind2=" " tag="500"><subfield code="a">Part of the Arabic Collections Online (ACO) project, contributed by Columbia University Libraries.</subfield></datafield><datafield ind1=" " ind2=" " tag="533"><subfield code="a">Electronic reproduction.</subfield><subfield code="b">New York, N.Y. :</subfield><subfield code="c">New York University,</subfield><subfield code="d">2015.</subfield><subfield code="5">NNU</subfield></datafield><datafield ind1="0" ind2="0" tag="600"><subfield code="6">880-04</subfield><subfield code="a">Ibn al-&#699;Arabi&#772;,</subfield><subfield code="d">1165-1240.</subfield><subfield code="t">Fus&#803;u&#772;s&#803; al-h&#803;ikam.</subfield></datafield><datafield ind1="0" ind2="7" tag="630"><subfield code="a">Fus&#803;u&#772;s&#803; al-h&#803;ikam (Ibn al-&#699;Arabi&#772;)</subfield><subfield code="2">fast</subfield><subfield code="0">(OCoLC)fst01371634</subfield></datafield><datafield ind1="2" ind2=" " tag="710"><subfield code="a">Columbia University.</subfield><subfield code="b">Libraries.</subfield></datafield><datafield ind1="0" ind2=" " tag="730"><subfield code="a">Arabic Collections Online.</subfield></datafield><datafield ind1="0" ind2="8" tag="776"><subfield code="i">Print version:</subfield><subfield code="a">&#699;Abd al-Razza&#772;q al-Qa&#772;sha&#772;ni&#772;, -1330?</subfield><subfield code="t">Hadha&#772; kita&#772;b Sharh&#803; al-usta&#772;dh al-shaykh &#699;Abd-al-Razza&#772;q al-Qa&#772;sha&#772;ni&#772; &#699;ala&#769;&#769; Fus&#803;u&#772;s&#803; al-h&#803;ikam lil-usta&#772;dh al-akbar al-shaykh Muh&#803;yi&#772; al-Din Ibn al-&#699;Arabi&#772;</subfield><subfield code="w">(NNC)3071747</subfield><subfield code="w">(OCoLC)47822688</subfield></datafield><datafield ind1="4" ind2="0" tag="856"><subfield code="u">http://hdl.handle.net/2333.1/pk0p2qwk</subfield></datafield><datafield ind1="0" ind2=" " tag="880"><subfield code="6">100-01/r</subfield><subfield code="a">&#1593;&#1576;&#1583; &#1575;&#1604;&#1585;&#1586;&#1575;&#1602; &#1575;&#1604;&#1602;&#1575;&#1588;&#1575;&#1606;&#1610;&#1548;</subfield><subfield code="d">-1330?</subfield></datafield><datafield ind1="1" ind2="0" tag="880"><subfield code="6">245-02/r</subfield><subfield code="a">&#1607;&#1584;&#1575; &#1603;&#1578;&#1575;&#1576; &#1588;&#1585;&#1581; &#1575;&#1604;&#1571;&#1587;&#1578;&#1575;&#1584; &#1575;&#1604;&#1588;&#1610;&#1582; &#1593;&#1576;&#1583;&#1575;&#1604;&#1585;&#1586;&#1575;&#1602; &#1575;&#1604;&#1602;&#1575;&#1588;&#1575;&#1606;&#1610; &#1593;&#1604;&#1609; &#1601;&#1589;&#1608;&#1589; &#1575;&#1604;&#1581;&#1603;&#1605; &#1604;&#1604;&#1575;&#1587;&#1578;&#1575;&#1584; &#1575;&#1604;&#1575;&#1603;&#1576;&#1585; &#1575;&#1604;&#1588;&#1610;&#1582; &#1605;&#1581;&#1610;&#1610; &#1575;&#1604;&#1583;&#1606; &#1575;&#1576;&#1606; &#1575;&#1604;&#1593;&#1585;&#1576;&#1610;.</subfield><subfield code="b">&#1608; &#1576;&#1571;&#1587;&#1601;&#1604; &#1603;&#1604; &#1589;&#1581;&#1610;&#1601;&#1577; &#1581;&#1604; &#1575;&#1604;&#1605;&#1608;&#1575;&#1590;&#1593; &#1575;&#1604;&#1582;&#1601;&#1610;&#1577; &#1605;&#1606; &#1588;&#1585;&#1581; &#1576;&#1575;&#1604;&#1610; &#1575;&#1601;&#1606;&#1583;&#1610;.</subfield></datafield><datafield ind1=" " ind2=" " tag="880"><subfield code="6">260-03/r</subfield><subfield code="a">&#1605;&#1589;&#1585; :</subfield><subfield code="b">&#1575;&#1604;&#1605;&#1591;&#1576;&#1593;&#1577; &#1575;&#1604;&#1605;&#1605;&#1606;&#1610;&#1577; (&#1605;&#1589;&#1591;&#1601;&#1575; &#1575;&#1604;&#1576;&#1575;&#1576;&#1610; &#1575;&#1604;&#1581;&#1604;&#1576;&#1610; &#1608;&#1575;&#1582;&#1608;&#1575;&#1607; &#1576;&#1603;&#1585;&#1610; &#1608; &#1593;&#1610;&#1587;&#1609;)&#1548;</subfield><subfield code="c">[1321 &#1607;.&#1548; 1903 &#1605;.]</subfield></datafield><datafield ind1="0" ind2="4" tag="880"><subfield code="6">600-04/r</subfield><subfield code="a">&#1575;&#1576;&#1606; &#1575;&#1604;&#1593;&#1585;&#1576;&#1610;&#1548;</subfield><subfield code="d">1165-1240.</subfield><subfield code="t">&#1601;&#1589;&#1608;&#1589; &#1575;&#1604;&#1581;&#1603;&#1605;.</subfield></datafield><datafield ind1=" " ind2=" " tag="959"><subfield code="a">NNU</subfield><subfield code="b">WEB</subfield><subfield code="c">GENI</subfield><subfield code="t">0</subfield><subfield code="m">Electronic access</subfield><subfield code="s">01</subfield></datafield><datafield ind1=" " ind2=" " tag="999"><subfield code="i">NNC_3071747</subfield><subfield code="o">(OCoLC)ocm47822688</subfield><subfield code="s">columbia_aco000490</subfield><subfield code="e">(ERROR-880)</subfield><subfield code="s">columbia_aco000490</subfield></datafield></record>